<record><leader>00000cas a22000007a 4500</leader><controlfield tag="001">8924270</controlfield><controlfield tag="008">821105c19799999mauwn ne      0   a0eng d</controlfield><datafield ind1=" " ind2=" " tag="010"><subfield code="a">sn 82007641 </subfield></datafield><datafield ind1=" " ind2=" " tag="040"><subfield code="a">NSD</subfield><subfield code="b">eng</subfield><subfield code="c">NSD</subfield><subfield code="d">MGN</subfield><subfield code="d">NSD</subfield><subfield code="d">MGN</subfield><subfield code="d">OCLCQ</subfield></datafield><datafield ind1=" " ind2=" " tag="012"><subfield code="j">0</subfield><subfield code="m">1</subfield></datafield><datafield ind1="1" ind2=" " tag="022"><subfield code="a">0745-2047</subfield><subfield code="l">0745-2047</subfield><subfield code="2">1</subfield></datafield><datafield ind1=" " ind2=" " tag="032"><subfield code="a">015321</subfield><subfield code="b">USPS</subfield></datafield><datafield ind1=" " ind2=" " tag="037"><subfield code="b">Tabloid Newspaper Publishers, 217 California St., Newton, MA 02158</subfield></datafield><datafield ind1=" " ind2=" " tag="042"><subfield code="a">nsdp</subfield><subfield code="a">msc</subfield></datafield><datafield ind1=" " ind2="4" tag="222"><subfield code="a">The Newton tab</subfield></datafield><datafield ind1="0" ind2="4" tag="245"><subfield code="a">The Newton tab.</subfield></datafield><datafield ind1="1" ind2="0" tag="246"><subfield code="a">Tab, Newton edition</subfield></datafield><datafield ind1=" " ind2=" " tag="260"><subfield code="a">Newton, MA :</subfield><subfield code="b">Tabloid Newspaper Publishers,</subfield></datafield><datafield ind1=" " ind2=" " tag="300"><subfield code="a">v.</subfield></datafield><datafield ind1=" " ind2=" " tag="310"><subfield code="a">Weekly (except Christmas)</subfield></datafield><datafield ind1="0" ind2=" " tag="362"><subfield code="a">Vol. 1, no. 1 (Apr. 25, 1979)-</subfield></datafield><datafield ind1=" " ind2=" " tag="500"><subfield code="a">Published as: The tab, Newton edition, &lt;Jan. 11&gt;-Sept. 18, 1984.</subfield></datafield><datafield ind1=" " ind2=" " tag="752"><subfield code="a">United States</subfield><subfield code="b">Massachusetts</subfield><subfield code="c">Middlesex</subfield><subfield code="d">Newton.</subfield></datafield><datafield ind1="0" ind2="5" tag="780"><subfield code="t">Newton graphic</subfield><subfield code="w">(DLC)sn 83002254</subfield></datafield><datafield ind1=" " ind2=" " tag="936"><subfield code="a">Oct. 13, 1982</subfield></datafield></record>